<record><leader>00000cas a22000007a 4500</leader><controlfield tag="001">12125896</controlfield><controlfield tag="008">850606d183u18uumduwr ne      0    0eng d</controlfield><datafield ind1=" " ind2=" " tag="010"><subfield code="a">sn 85038285 </subfield></datafield><datafield ind1=" " ind2=" " tag="040"><subfield code="a">NPY</subfield><subfield code="b">eng</subfield><subfield code="c">NPY</subfield><subfield code="d">MFN</subfield><subfield code="d">OCLCQ</subfield></datafield><datafield ind1=" " ind2=" " tag="042"><subfield code="a">msc</subfield></datafield><datafield ind1="0" ind2="0" tag="245"><subfield code="a">Maryland advocate &amp; Democratic watchman.</subfield></datafield><datafield ind1="3" ind2="0" tag="246"><subfield code="a">Maryland advocate and Democratic watchman</subfield></datafield><datafield ind1=" " ind2=" " tag="260"><subfield code="a">Cumberland, Md. :</subfield><subfield code="b">D. Blocher</subfield></datafield><datafield ind1=" " ind2=" " tag="300"><subfield code="a">v.</subfield></datafield><datafield ind1=" " ind2=" " tag="310"><subfield code="a">Weekly</subfield></datafield><datafield ind1=" " ind2=" " tag="588"><subfield code="a">Description based on: Vol. 15, no. 40 (Sept. 1, 1838).</subfield></datafield><datafield ind1=" " ind2=" " tag="752"><subfield code="a">United States</subfield><subfield code="b">Maryland</subfield><subfield code="c">Allegany</subfield><subfield code="d">Cumberland.</subfield></datafield><datafield ind1="0" ind2="0" tag="780"><subfield code="t">Maryland advocate (Cumberland, Md. : 1835)</subfield><subfield code="w">(DLC)sn 89060065</subfield></datafield></record>